<record><leader>00000cas a22000007a 4500</leader><controlfield tag="001">39234267</controlfield><controlfield tag="008">980605d19771980cauwr ne      0    0eng d</controlfield><datafield ind1=" " ind2=" " tag="010"><subfield code="a">sn 98061480 </subfield></datafield><datafield ind1=" " ind2=" " tag="040"><subfield code="a">CNK</subfield><subfield code="b">eng</subfield><subfield code="c">CNK</subfield><subfield code="d">OCLCQ</subfield><subfield code="d">OCLCF</subfield><subfield code="d">OCLCO</subfield></datafield><datafield ind1="1" ind2=" " tag="029"><subfield code="a">AU@</subfield><subfield code="b">000020038690</subfield></datafield><datafield ind1=" " ind2=" " tag="042"><subfield code="a">msc</subfield></datafield><datafield ind1=" " ind2=" " tag="043"><subfield code="a">n-us-ca</subfield></datafield><datafield ind1="0" ind2=" " tag="130"><subfield code="a">Inter-city express (West Covina, Calif. : 1977 : El Monte herald and press and Baldwin Park bulletin)</subfield></datafield><datafield ind1="1" ind2="0" tag="245"><subfield code="a">Inter-city express.</subfield></datafield><datafield ind1="3" ind2=" " tag="246"><subfield code="a">El Monte herald and press Baldwin Park bulletin</subfield></datafield><datafield ind1=" " ind2=" " tag="250"><subfield code="a">El Monte herald and press and Baldwin Park bulletin.</subfield></datafield><datafield ind1=" " ind2=" " tag="260"><subfield code="a">West Covina, Calif. :</subfield><subfield code="b">San Gabriel Valley Tribune.</subfield></datafield><datafield ind1=" " ind2=" " tag="300"><subfield code="a">v.</subfield></datafield><datafield ind1=" " ind2=" " tag="310"><subfield code="a">Weekly</subfield></datafield><datafield ind1="0" ind2=" " tag="362"><subfield code="a">Vol. 63, no. 19 (Nov. 17, 1977)-v. 65, no. 35 (Mar. 6, 1980) = v. 65, no. 9-v. 68, no. 22.</subfield></datafield><datafield ind1=" " ind2=" " tag="500"><subfield code="a">"El Monte Herald And Press And Baldwin Park Bulletin" appears in small print below "Inter-City Express"; "El Monte Herald And Press Baldwin Park Bulletin" appears at the bottom of the p.</subfield></datafield><datafield ind1=" " ind2=" " tag="580"><subfield code="a">Published in several local editions.</subfield></datafield><datafield ind1=" " ind2="0" tag="651"><subfield code="a">San Gabriel River Valley (Calif.)</subfield><subfield code="v">Newspapers.</subfield></datafield><datafield ind1=" " ind2="7" tag="655"><subfield code="a">Newspapers.</subfield><subfield code="2">fast</subfield><subfield code="0">(OCoLC)fst01423814</subfield></datafield><datafield ind1=" " ind2="7" tag="651"><subfield code="a">California</subfield><subfield code="z">San Gabriel River Valley.</subfield><subfield code="2">fast</subfield><subfield code="0">(OCoLC)fst01275269</subfield></datafield><datafield ind1=" " ind2=" " tag="752"><subfield code="a">United States</subfield><subfield code="b">California</subfield><subfield code="c">Los Angeles</subfield><subfield code="d">West Covina.</subfield></datafield><datafield ind1="0" ind2="4" tag="780"><subfield code="t">Inter-city express (West Covina, Calif. : 1977 : Baldwin Park bulletin)</subfield><subfield code="w">(DLC)sn 98061479</subfield></datafield><datafield ind1="0" ind2="4" tag="780"><subfield code="t">Inter-city express (West Covina, Calif. : 1976 : El Monte herald and press)</subfield><subfield code="w">(DLC)sn 98061478</subfield></datafield><datafield ind1="0" ind2="6" tag="785"><subfield code="t">Inter-city express (West Covina, Calif. : El Monte herald and press)</subfield><subfield code="w">(DLC)sn 96064464</subfield></datafield><datafield ind1="0" ind2="6" tag="785"><subfield code="t">Inter-city express (West Covina, Calif. : Baldwin Park bulletin)</subfield><subfield code="w">(DLC)sn 96064463</subfield></datafield></record>